@article{Rothermel2000,
author = {Rothermel, Gregg and Harrold, Mary},
year = {2000},
month = {02},
pages = {},
title = {A Safe, Efficient Regression Test Selection Technique},
volume = {6},
doi = {10.1145/248233.248262}
}

@ARTICLE{536955, 
    author={G. {ROTHERMEL} and M. J. {HARROLD}}, 
    journal={IEEE Transactions on Software Engineering}, 
    title={Analyzing regression test selection techniques}, 
    year={1996}, 
    volume={22}, 
    number={8}, 
    pages={529-551}, 
    doi={10.1109/32.536955}, 
    ISSN={0098-5589}, 
    month={Aug},
}

@ARTICLE{8453877,
author={P. {KONG} and L. {LI} and J. {GAO} and K. {LIU} and T. F. {BISSYANDÉ} and J. {KLEIN}},
journal={IEEE Transactions on Reliability},
title={Automated Testing of Android Apps: A Systematic Literature Review},
year={2019},
volume={68},
number={1},
pages={45-66},
keywords={mobile computing;program testing;software engineering;market maintainer communities;development model;Android testing researchers;Android ecosystem fragmentation;Android apps automated testing;Testing;Androids;Humanoid robots;Bibliographies;Ecosystems;Java;Systematics;Android;automated testing;literature review;survey},
doi={10.1109/TR.2018.2865733},
ISSN={},
month={March},}

@ARTICLE{159342, 
    author={IEEE}, 
    journal={IEEE Std 610.12-1990}, 
    title={{IEEE} Standard Glossary of Software Engineering Terminology}, 
    year={1990}, 
    volume={}, 
    number={}, 
    pages={1-84}, 
    keywords={glossaries;software engineering;standards;IEEE Std 610.12-1990;standard glossary;software engineering terminology;Terminology;Software engineering;Standards;glossary;terminology;dictionary;Software engineering;Definitions}, 
    doi={10.1109/IEEESTD.1990.101064}, 
    ISSN={}, 
    month={Dec},}

@article{ENGSTROM201014,
    title = "A systematic review on regression test selection techniques",
    journal = "Information and Software Technology",
    volume = "52",
    number = "1",
    pages = "14 - 30",
    year = "2010",
    issn = "0950-5849",
    doi = "https://doi.org/10.1016/j.infsof.2009.07.001",
    url = "http://www.sciencedirect.com/science/article/pii/S0950584909001219",
    author = "Emelie Engström and Per Runeson and Mats Skoglund",
}

@Article{Ali2019,
author="Ali, Nauman bin
and Engstr{\"o}m, Emelie
and Taromirad, Masoumeh
and Mousavi, Mohammad Reza
and Minhas, Nasir Mehmood
and Helgesson, Daniel
and Kunze, Sebastian
and Varshosaz, Mahsa",
title="On the search for industry-relevant regression testing research",
journal="Empirical Software Engineering",
year="2019",
month="Aug",
day="01",
volume="24",
number="4",
pages="2020--2055",
abstract="Regression testing is a means to assure that a change in the software, or its execution environment, does not introduce new defects. It involves the expensive undertaking of rerunning test cases. Several techniques have been proposed to reduce the number of test cases to execute in regression testing, however, there is no research on how to assess industrial relevance and applicability of such techniques. We conducted a systematic literature review with the following two goals: firstly, to enable researchers to design and present regression testing research with a focus on industrial relevance and applicability and secondly, to facilitate the industrial adoption of such research by addressing the attributes of concern from the practitioners' perspective. Using a reference-based search approach, we identified 1068 papers on regression testing. We then reduced the scope to only include papers with explicit discussions about relevance and applicability (i.e. mainly studies involving industrial stakeholders). Uniquely in this literature review, practitioners were consulted at several steps to increase the likelihood of achieving our aim of identifying factors important for relevance and applicability. We have summarised the results of these consultations and an analysis of the literature in three taxonomies, which capture aspects of industrial-relevance regarding the regression testing techniques. Based on these taxonomies, we mapped 38 papers reporting the evaluation of 26 regression testing techniques in industrial settings.",
issn="1573-7616",
doi="10.1007/s10664-018-9670-1",
url="https://doi.org/10.1007/s10664-018-9670-1"
}


@article{Graves:2001:ESR:367008.367020,
    author = {Graves, Todd L. and Harrold, Mary Jean and Kim, Jung-Min and Porter, Adam and Rothermel, Gregg},
    title = {An Empirical Study of Regression Test Selection Techniques},
    journal = {ACM Trans. Softw. Eng. Methodol.},
    issue_date = {April 2001},
    volume = {10},
    number = {2},
    month = apr,
    year = {2001},
    issn = {1049-331X},
    pages = {184--208},
    url = {http://doi.acm.org/10.1145/367008.367020},
    doi = {10.1145/367008.367020},
    acmid = {367020},
    publisher = {ACM},
    address = {New York, NY, USA},
} 

@ARTICLE{962562,
author={G. {ROTHERMEL} and R. H. {UNTCH} and {CHENGYUN CHU} and M. J. {HARROLD}},
journal={IEEE Transactions on Software Engineering},
title={Prioritizing test cases for regression testing},
year={2001},
volume={27},
number={10},
pages={929-948},
keywords={program testing;program debugging;test case prioritization;regression testing;software testing;test case scheduling;software fault detection rate;software fault correction;code component coverage;experiments;cost-benefit analysis;Computer aided software engineering;Software testing;Fault detection;Costs;Computer Society;System testing;Software maintenance;Processor scheduling;Feedback;Application software},
doi={10.1109/32.962562},
ISSN={},
month={Oct},}

@ARTICLE{988497,
author={S. {ELBAUM} and A. G. {MALISHEVSKY} and G. {ROTHERMELL}},
journal={IEEE Transactions on Software Engineering},
title={Test case prioritization: a family of empirical studies},
year={2002},
volume={28},
number={2},
pages={159-182},
keywords={program testing;test case prioritization;regression testing;software testing;fault detection rate;fine granularity prioritization techniques;coarse granularity prioritization techniques;fault proneness measures;Computer aided software engineering;Fault detection;Software testing;System testing;Costs;Software measurement;Radio access networks;Feedback;Debugging;Instruments},
doi={10.1109/32.988497},
ISSN={},
month={Feb},}

@article{doi:10.1002/smr.220,
    author = {Chapin, Ned and Hale, Joanne E. and Khan, Khaled Md. and Ramil, Juan F. and Tan, Wui-Gee},
    title = {Types of software evolution and software maintenance},
    journal = {Journal of Software Maintenance and Evolution: Research and Practice},
    volume = {13},
    number = {1},
    pages = {3-30},
    keywords = {software evolution management, software maintenance management, maintainer activities, maintenance terminology, evolution terminology, software support, empirical studies},
    doi = {10.1002/smr.220},
    url = {https://onlinelibrary.wiley.com/doi/abs/10.1002/smr.220},
    eprint = {https://onlinelibrary.wiley.com/doi/pdf/10.1002/smr.220},
    year = {2001}
}

@article{doi:10.1080/1364557032000119616,
author = { Hilary   Arksey  and  Lisa   O'Malley },
title = {Scoping studies: towards a methodological framework},
journal = {International Journal of Social Research Methodology},
volume = {8},
number = {1},
pages = {19-32},
year  = {2005},
publisher = {Routledge},
doi = {10.1080/1364557032000119616},

URL = { 
        https://doi.org/10.1080/1364557032000119616
    
},
eprint = { 
        https://doi.org/10.1080/1364557032000119616
    
}
}

@article{KAZMI2017,
    author = {Kazmi, Rafaqat and Jawawi, Dayang and Mohamad, Radziah and Ghani, Imran},
    year = {2017},
    month = {05},
    pages = {1-32},
    title = {Effective Regression Test Case Selection: A Systematic Literature Review},
    volume = {50},
    journal = {ACM Computing Surveys},
    doi = {10.1145/3057269}
}

@article{PSK2001,
author = {Pfleeger, Shari and Kitchenham, Barbara},
year = {2001},
month = {01},
pages = {16-18},
title = {Principles of survey research: Part 1: Turning lemons into lemonade},
volume = {26},
journal = {ACM SIGSOFT Software Engineering Notes},
doi = {10.1145/505532.505535}
}

@article{Kitchenham:2002:PSR:566493.566495,
 author = {Kitchenham, Barbara A. and Pfleeger, Shari Lawrence},
 title = {Principles of Survey Research Part 2: Designing a Survey},
 journal = {SIGSOFT Softw. Eng. Notes},
 issue_date = {January 2002},
 volume = {27},
 number = {1},
 month = jan,
 year = {2002},
 issn = {0163-5948},
 pages = {18--20},
 numpages = {3},
 url = {http://doi.acm.org/10.1145/566493.566495},
 doi = {10.1145/566493.566495},
 acmid = {566495},
 publisher = {ACM},
 address = {New York, NY, USA},
} 

@article{ROMANO201862,
    title = "SPIRITuS: a SimPle Information Retrieval regressIon Test Selection approach",
    journal = "Information and Software Technology",
    volume = "99",
    pages = "62 - 80",
    year = "2018",
    issn = "0950-5849",
    doi = "https://doi.org/10.1016/j.infsof.2018.03.004",
    url = "http://www.sciencedirect.com/science/article/pii/S0950584918300405",
    author = "Simone Romano and Giuseppe Scanniello and Giuliano Antoniol and Alessandro Marchetto",
}

@article{Yoo:2012:RTM:2284811.2284813,
    author = {YOO, S. and HARMAN, M.},
    title = {Regression Testing Minimization, Selection and Prioritization: A Survey},
    journal = {Softw. Test. Verif. Reliab.},
    issue_date = {March 2012},
    volume = {22},
    number = {2},
    month = mar,
    year = {2012},
    issn = {0960-0833},
    pages = {67--120},
    numpages = {54},
    url = {http://dx.doi.org/10.1002/stv.430},
    doi = {10.1002/stv.430},
    acmid = {2284813},
    publisher = {John Wiley and Sons Ltd.},
    address = {Chichester, UK},
}

@ARTICLE{257623, 
author={IEEE}, 
journal={IEEE Std 1219-1993}, 
title={IEEE Standard for Software Maintenance}, 
year={1993}, 
volume={}, 
number={}, 
pages={1-45}, 
keywords={software maintenance;standards;software management;IEEE standards;software maintenance;Software maintenance;Standards;maintenance;software;software maintenance}, 
doi={10.1109/IEEESTD.1993.115570}, 
ISSN={}, 
month={June},}

@book{Ammann:2008:IST:1355340,
 author = {Ammann, Paul and Offutt, Jeff},
 title = {Introduction to Software Testing},
 year = {2008},
 isbn = {0521880386, 9780521880381},
 edition = {1},
 publisher = {Cambridge University Press},
 address = {New York, NY, USA},
} 

@book{DBLP:series/springer/2008Mens,
    editor    = {Tom Mens and
               Serge Demeyer},
    title     = {Software Evolution},
    publisher = {Springer},
    year      = {2008},
    url       = {https://doi.org/10.1007/978-3-540-76440-3},
    doi       = {10.1007/978-3-540-76440-3},
    isbn      = {978-3-540-76439-7},
    timestamp = {Wed, 14 Nov 2018 10:12:19 +0100},
    biburl    = {https://dblp.org/rec/bib/series/springer/2008Mens},
    bibsource = {dblp computer science bibliography, https://dblp.org}
}

@book{Kitchenham:2015:ESE:2994449,
 author = {Kitchenham, Barbara Ann and Budgen, David and Brereton, Pearl},
 title = {Evidence-Based Software Engineering and Systematic Reviews},
 year = {2015},
 isbn = {1482228653, 9781482228656},
 publisher = {Chapman \& Hall/CRC},
} 


@book{demeyer2008,
	Annote = {book},
	Bdsk-url-1 = {http://scg.unibe.ch/download/oorp/},
	Isbn = {978-3-9523341-2-6},
	Keywords = {olit scg08 scg-pub snf-none jb09 skip-doi stefPub mooseCincom moose-pub},
	Medium = {2},
	Peerreview = {no},
	publisher = {Square Bracket Associates},
	Url = {http://scg.unibe.ch/download/oorp/},
	author = {Demeyer, Serge and Ducasse, Stéphane and Nierstrasz, Oscar},
	title = {Object-Oriented Reengineering Patterns},
	year = {2008},
	note = {(This book is available as a free download from http://www.iam.unibe.ch/~scg/OORP/.)},
}

@book{Wohlin:2012:ESE:2349018,
    author = {Wohlin, Claes and Runeson, Per and Hst, Martin and Ohlsson, Magnus C. and Regnell, Bjrn and Wessln, Anders},
    title = {Experimentation in Software Engineering},
    year = {2012},
    isbn = {3642290434, 9783642290435},
    publisher = {Springer Publishing Company, Incorporated},
} 

@book{iso9000,
 author = {Schmauch, Charles H.},
 title = {ISO 9000 for Software Developers},
 year = {1995},
 isbn = {0873893484},
 edition = {2nd},
 publisher = {ASQ Quality Press},
}

@book{crosby1979quality,
  title={Quality is Free: The Art of Making Quality Certain},
  author={Crosby, P.B.},
  isbn={9780070145122},
  lccn={79089296},
  series={Mentor book},
  url={https://books.google.com.br/books?id=n4IubCcpm0EC},
  year={1979},
  publisher={McGraw-Hill}
}

@book{juran1970quality,
  title={Quality Planning and Analysis: From Product Development Through Usage},
  author={Juran, J.M. and Gryna, F.M.},
  isbn={9780070331716},
  lccn={76112836},
  url={https://books.google.com.br/books?id=xgqTnQAACAAJ},
  year={1970},
  publisher={McGraw-Hill}
}

@book{raymond1999,
    author = {Raymond, Eric S.},
    title = {The  Cathedral and the Bazaar},
    year = {1999},
    isbn = {1565927249},
    edition = {1st},
    publisher = {O'Reilly \& Associates, Inc.},
    address = {Sebastopol, CA, USA},
} 

@book{HIRAMA2011,
    author = {Hirama, Kechi.},
    title = {Engenharia de Software: Qualidade e Produtividade com Tecnologia},
    year = {2011},
    isbn = {978-85-352-4882-1},
    edition = {1st},
    publisher = {Elsevier Editora Ltda.},
    address = {Rio de Janeiro, RJ, Brasil},
} 

@book{PRESSMAN2016,
    author = {Pressman, Roger S and Maxim, Bruce R.},
    title = {Engenharia de software : uma abordagem profissional},
    year = {2016},
    isbn = {978-85-8055-534-9},
    edition   = {8t},
    publisher = {AMGH Editora Ltda.},
    address   = {Porto Alegre},
}

@book{DELAMARO2007,
    author = {Delamaro, Marcio Eduardo and Maldonado,Jose Carlos and Jino,Mario.},
    title = {Introdução ao teste de software},
    year = {2007},
    isbn = {978-85-352-2634-8},
    edition = {4th},
    publisher = {Elsevier Editora Ltda.},
     address = {Rio de Janeiro, RJ, Brasil},
} 

@book{sommerville2011engenharia,
  title={Engenharia de software},
  author={Sommerville, I.},
  isbn={9788579361081},
  url={https://books.google.com.br/books?id=H4u5ygAACAAJ},
  year={2011},
  publisher={PEARSON BRASIL}
}

@incollection{DBLP:series/springer/Mens08,
    author    = {Tom Mens},
    title     = {Introduction and Roadmap: History and Challenges of Software Evolution},
    booktitle = {Software Evolution},
    pages     = {1--11},
    year      = {2008},
    crossref  = {DBLP:series/springer/2008Mens},
    url       = {https://doi.org/10.1007/978-3-540-76440-3\_1},
    doi       = {10.1007/978-3-540-76440-3\_1},
    timestamp = {Wed, 14 Nov 2018 10:12:19 +0100},
    biburl    = {https://dblp.org/rec/bib/series/springer/Mens08},
    bibsource = {dblp computer science bibliography, https://dblp.org}
}

@INPROCEEDINGS{Rosenblum97acomparative,
    author = {David Rosenblum and Gregg Rothermel},
    title = {A Comparative Study of Regression Test Selection Techniques},
    booktitle = {In Proc. of the 2nd Int'l. Workshop on Empir. Studies of Softw. Maint},
    year = {1997},
    pages = {89--94}
}

@INPROCEEDINGS{WHITE1991,
author={H. K. N. {LEUNG} and L. {WHITE}},
booktitle={Proceedings. Conference on Software Maintenance 1991},
title={A cost model to compare regression test strategies},
year={1991},
volume={},
number={},
pages={201-208},
keywords={program testing;test cost model;retest-all strategy;selective strategy;regression testing strategies;checking cost;Costs;Software maintenance;Software testing;System testing;Environmental economics;Software systems;Performance evaluation;Programming;Prototypes;Production},
doi={10.1109/ICSM.1991.160330},
ISSN={null},
month={Oct},}


@INCOLLECTION{gqm,
    author = {Victor R. Basili and Gianluigi Caldiera and H. Dieter Rombach},
    title = {The Goal Question Metric Approach},
    booktitle = {Encyclopedia of Software Engineering},
    publisher = {Wiley},
    year = {1994}
}



@inproceedings{Do:2016:RTS:2897073.2897127,
    author = {Do, Quan and Yang, Guowei and Che, Meiru and Hui, Darren and Ridgeway, Jefferson},
    title = {Regression Test Selection for Android Applications},
    booktitle = {Proceedings of the International Conference on Mobile Software Engineering and Systems},
    series = {MOBILESoft '16},
    year = {2016},
    isbn = {978-1-4503-4178-3},
    location = {Austin, Texas},
    pages = {27--28},
    numpages = {2},
    url = {http://doi.acm.org/10.1145/2897073.2897127},
    doi = {10.1145/2897073.2897127},
    acmid = {2897127},
    publisher = {ACM},
    address = {New York, NY, USA},
}

@INPROCEEDINGS{7927972, 
author={X. {LI} and N. {CHANG} and Y. {WANG} and H. {HUANG} and Y. {PEI} and L. {WANG} and X. {LI}}, 
booktitle={2017 IEEE International Conference on Software Testing, Verification and Validation (ICST)}, 
title={ATOM: Automatic Maintenance of GUI Test Scripts for Evolving Mobile Applications}, 
year={2017}, 
volume={}, 
number={}, 
pages={161-171}, 
keywords={formal specification;graphical user interfaces;mobile computing;program testing;GUI test scripts maintenance;graphical user interfaces;mobile applications;regression testing;program integrity;program behavior;program specification;ATOM approach;delta ESM;Graphical user interfaces;Maintenance engineering;Testing;Mobile communication;Presses;Androids;Humanoid robots}, 
doi={10.1109/ICST.2017.22}, 
ISSN={}, 
month={March},}

@INPROCEEDINGS{8377661, 
author={B. {JIANG} and Y. {Wu} and Y. {Zhang} and Z. {Zhang} and W. K. {Chan}}, 
booktitle={2018 IEEE 42nd Annual Computer Software and Applications Conference (COMPSAC)}, 
title={ReTestDroid: Towards Safer Regression Test Selection for Android Application}, 
year={2018}, 
volume={01}, 
number={}, 
pages={235-244}, 
keywords={Android (operating system);mobile computing;program testing;regression analysis;mobile applications update;regression testing;activity lifecycle model;native code;regression test selection techniques;failure-revealing test cases;fragment-based activity lifecycle;regression test selection;Android application;open source mobile operating system;ReTestDroid tool;graph model;Androids;Humanoid robots;Testing;Flow graphs;Smart phones;Mobile applications;Task analysis;Test Case Selection, Android, Regression Testing, Impact Analysis}, 
doi={10.1109/COMPSAC.2018.00037}, 
ISSN={0730-3157}, 
month={July},}

@inproceedings{Choi:2018:DMA:3180155.3180173,
 author = {Choi, Wontae and Sen, Koushik and Necula, George and Wang, Wenyu},
 title = {DetReduce: Minimizing Android GUI Test Suites for Regression Testing},
 booktitle = {Proceedings of the 40th International Conference on Software Engineering},
 series = {ICSE '18},
 year = {2018},
 isbn = {978-1-4503-5638-1},
 location = {Gothenburg, Sweden},
 pages = {445--455},
 numpages = {11},
 url = {http://doi.acm.org/10.1145/3180155.3180173},
 doi = {10.1145/3180155.3180173},
 acmid = {3180173},
 publisher = {ACM},
 address = {New York, NY, USA},
 keywords = {Android, GUI, test minimization},
} 

@inproceedings{Do2016RedroidAR,
    title={Redroid: A Regression Test Selection Approach for Android Applications},
    author={Quan Chau Dong Do and Guowei Yang and Meiru Che and Darren Hui and Jefferson Ridgeway},
    booktitle={SEKE},
    year={2016}
}

@INPROCEEDINGS{8453105,
    author={W. Choi and K. Sen and G. Necul and W. Wang},
    booktitle={2018 IEEE/ACM 40th International Conference on Software Engineering (ICSE)},
    title={DetReduce: Minimizing Android GUI Test Suites for Regression Testing},
    year={2018},
    volume={},
    number={},
    pages={445-455},
    doi={},
    ISSN={1558-1225},
    month={May}
}

@INPROCEEDINGS{5954416, 
    author={D. Amalfitano and A. R. Fasolino and P. Tramontana}, 
    booktitle={2011 IEEE Fourth International Conference on Software Testing, Verification and Validation Workshops}, 
    title={A GUI Crawling-Based Technique for Android Mobile Application Testing}, 
    year={2011}, 
    volume={}, 
    number={}, 
    pages={252-261}, 
    doi={10.1109/ICSTW.2011.77}, 
    ISSN={}, 
    month={March},
}

@INPROCEEDINGS{8424973, 
author={N. {CHANG} and L. {Wang} and Y. {Pei} and S. K. {Mondal} and X. {Li}}, 
booktitle={2018 IEEE International Conference on Software Quality, Reliability and Security (QRS)}, 
title={Change-Based Test Script Maintenance for Android Apps}, 
year={2018}, 
volume={}, 
number={}, 
pages={215-225}, 
keywords={graphical user interfaces;mobile computing;program testing;software maintenance;change-based test script maintenance;regression GUI testing;GUI test script maintenance;Android apps;CHATEM approach;Graphical user interfaces;Testing;Maintenance engineering;Androids;Humanoid robots;Mobile applications;Tools;GUI testing, Regression testing, Automated test maintenance}, 
doi={10.1109/QRS.2018.00035}, 
ISSN={}, 
month={July},}

@INPROCEEDINGS{6339502, 
author={C. {SZABÓ} and L. {Samuelis} and M. {Ivanović} and T. {Fesič}}, 
booktitle={2012 IEEE 10th Jubilee International Symposium on Intelligent Systems and Informatics}, 
title={Database refactoring and regression testing of Android mobile applications}, 
year={2012}, 
volume={}, 
number={}, 
pages={135-139}, 
keywords={database management systems;mobile computing;program testing;software maintenance;database refactoring;regression testing;Android mobile applications;mobile devices;software modification;Databases;Testing;Androids;Humanoid robots;Mobile communication;Software;Informatics;database refactoring;regression testing;Android-based application}, 
doi={10.1109/SISY.2012.6339502}, 
ISSN={1949-047X}, 
month={Sep.},}

@INPROCEEDINGS{6569773, 
author={S. {BAUERSFELD}}, 
booktitle={2013 IEEE Sixth International Conference on Software Testing, Verification and Validation}, 
title={GUIdiff -- A Regression Testing Tool for Graphical User Interfaces}, 
year={2013}, 
volume={}, 
number={}, 
pages={499-500}, 
keywords={graphical user interfaces;program testing;regression analysis;smart phones;GUIdiff;graphical user interfaces;tablets;smart phones;industrial tools;manual testing practices;oracle functionality;screenshot comparison;manual labor;GUI regression testing tool;diff tools;text data;system under test;SUT;detected deviations;semiautomatic;faults;false positives;Graphical user interfaces;Testing;Robustness;Manuals;Libraries;Androids;Humanoid robots}, 
doi={10.1109/ICST.2013.84}, 
ISSN={2159-4848}, 
month={March},}

@INPROCEEDINGS{7427895, 
author={T. {GRONLI} and G. {GHINEA}}, 
booktitle={2016 49th Hawaii International Conference on System Sciences (HICSS)}, 
title={Meeting Quality Standards for Mobile Application Development in Businesses: A Framework for Cross-Platform Testing}, 
year={2016}, 
volume={}, 
number={}, 
pages={5711-5720}, 
keywords={mobile computing;operating systems (computers);program testing;regression analysis;software quality;quality standards;mobile application development;mobile platforms;heterogeneous devices;operating systems;manual testing;automated tools;Frank;Robotium;repeated tests;parallel cross-platform test execution;performance measurements;quality-assurance process;regression test;mobile cross-platform applications;Testing;Graphical user interfaces;Mobile communication;Software;Manuals;Mobile applications;Androids}, 
doi={10.1109/HICSS.2016.706}, 
ISSN={1530-1605}, 
month={Jan},}

@INPROCEEDINGS{7832883, 
author={M. {GOMEZ} and R. {Rouvoy} and B. {Adams} and L. {Seinturier}}, 
booktitle={2016 IEEE/ACM 13th Working Conference on Mining Software Repositories (MSR)}, 
title={Mining Test Repositories for Automatic Detection of UI Performance Regressions in Android Apps}, 
year={2016}, 
volume={}, 
number={}, 
pages={13-24}, 
keywords={data mining;mobile computing;software performance evaluation;user interfaces;UI performance metrics;Android apps;UI performance degradations;DUNE;Android Apps;UI performance regressions;test repositories mining;Performance evaluation;Mobile communication;Androids;Humanoid robots;Context;Degradation}, 
doi={10.1109/MSR.2016.012}, 
ISSN={}, 
month={May},}

@INPROCEEDINGS{7833000, 
author={Y. {HU} and I. {Neamtiu}}, 
booktitle={2016 IEEE/ACM International Conference on Mobile Software Engineering and Systems (MOBILESoft)}, 
title={VALERA: An Effective and Efficient Record-and-Replay Tool for Android}, 
year={2016}, 
volume={}, 
number={}, 
pages={285-286}, 
keywords={Android (operating system);graphical user interfaces;program debugging;program testing;recorders;recording;software tools;cross-app testing;fuzzy replay;mutation testing;event-driven race reproduction;regression testing;bug reproducing;Android apps;inter-app communication;event schedules;replaying sensor and network input;recording;sensor-oriented replay;systematic testing;Android development lifecycle;versatile-yet-lightweight record-and-replay tool;VALERA;Smart phones;Computer bugs;Testing;Sensors;Schedules;Google;Hardware;Mobile applications;Record-and-replay;Google Android;App testing;Event-based races}, 
doi={10.1109/MobileSoft.2016.062}, 
ISSN={}, 
month={May},}

@INPROCEEDINGS{65194, 
    author={H. K. N. Leung and L. White}, 
    booktitle={Proceedings. Conference on Software Maintenance - 1989}, 
    title={Insights into regression testing (software testing)},
    year={1989}, 
    pages={60-69}, 
    doi={10.1109/ICSM.1989.65194}, 
    month={Oct},
}

@INPROCEEDINGS{630875,
author={W. E. {WONG} and J. R. {HORGAN} and S. {LONDON} and H. {AGRAWAL}},
booktitle={Proceedings The Eighth International Symposium on Software Reliability Engineering},
title={A study of effective regression testing in practice},
year={1997},
volume={},
number={},
pages={264-274},
keywords={statistical analysis;configuration management;software maintenance;program testing;software tools;minimisation;regression testing;software changes;software features;test cases;program modifications;previous software versions;hybrid technique;modification-based test selection;prioritization-based selection;source code changes;execution traces;representative subset;output behavior;ATAC;Automatic Testing Analysis tool in C;test set minimization;test set prioritization;Software testing;Performance evaluation;Software performance;Software debugging;Computer bugs;Time factors},
doi={10.1109/ISSRE.1997.630875},
ISSN={},
month={Nov},}

@inproceedings{Kasunic2005DesigningAE,
  title={Designing an Effective Survey},
  author={Mark Kasunic},
  year={2005}
}

@INPROCEEDINGS{5770627, author={T. {TAKALA} and M. {KATARA} and J. {HARTY}}, booktitle={2011 Fourth IEEE International Conference on Software Testing, Verification and Validation}, title={Experiences of System-Level Model-Based GUI Testing of an Android Application}, year={2011}, volume={}, number={}, pages={377-386},}

@INPROCEEDINGS{7102609, author={P. S. {KOCHHAR} and F. {THUNG} and N. {NAGAPPAN} and T. {ZIMMERMANN} and D. {LO}}, booktitle={2015 IEEE 8th International Conference on Software Testing, Verification and Validation (ICST)}, title={Understanding the Test Automation Culture of App Developers}, year={2015}, volume={}, number={}, pages={1-10},}

@INPROCEEDINGS{8094467, author={M. {LINARES-VÁSQUEZ} and C. {BERNAL-CARDENAS} and K. {MORAN} and D. {POSHYVANYK}}, booktitle={2017 IEEE International Conference on Software Maintenance and Evolution (ICSME)}, title={How do Developers Test Android Applications?}, year={2017}, volume={}, number={}, pages={613-622},}

@MISC{Kitchenham07guidelinesfor,
    author = {B. Kitchenham and S Charters},
    title = {Guidelines for performing Systematic Literature Reviews in Software Engineering},
    year = {2007}
}

@misc{appium,
 url     ={http://appium.io/},
 title = {T1},
 urlaccessdate={31 mar. 2020}
}

@misc{atom,
 url = {https://www.researchgate.net/publication/317072030_ATOM_Automatic_Maintenance_of_GUI_Test_Scripts_for_Evolving_Mobile_Applications},
 title = {T2},
 urlaccessdate={31 mar. 2020}
}

@misc{calabash,
 url     ={https://github.com/calabash/calabash-android},
 title = {T3},
 urlaccessdate={31 mar. 2020}
}

@misc{chatem,
 url = {https://ieeexplore.ieee.org/document/8424973},
 title = {T4},
 urlaccessdate={31 mar. 2020}
}

@misc{detreduce,
 url = {https://ieeexplore.ieee.org/document/8453105/},
 title = {T5},
 urlaccessdate={31 mar. 2020}
}

@misc{espresso,
 url = {https://developer.android.com/training/testing/espresso},
 title = {T6},
 urlaccessdate={31 mar. 2020}
}

@misc{guidiff,
 url = {https://ieeexplore.ieee.org/document/6569773},
 title = {T7},
 urlaccessdate={31 mar. 2020}
}

@misc{katalon,
 url = {https://www.katalon.com/katalon-studio/},
 title = {T8},
 urlaccessdate={31 mar. 2020}
}

@misc{kmax,
 url = {https://iwl.com/products/kmax},
 title = {T9},
 urlaccessdate={31 mar. 2020}
}

@misc{kobiton,
 url = {https://kobiton.com/},
 title = {T10},
 urlaccessdate={31 mar. 2020}
}

@misc{monkey,
 url = {https://developer.android.com/studio/test/monkey},
 title = {T11},
 urlaccessdate={31 mar. 2020}
}

@misc{monkeyrunner,
 url = {https://developer.android.com/studio/test/monkeyrunner},
 title = {T12},
 urlaccessdate={31 mar. 2020}
}

@misc{ranorex,
 url = {https://www.ranorex.com/},
 title = {T13},
 urlaccessdate={31 mar. 2020}
}

@misc{redroid,
 url = {https://dl.acm.org/doi/10.1145/2897073.2897127},
 title = {T14},
 urlaccessdate={31 mar. 2020}
}

@misc{retestdroid,
 url = {https://ieeexplore.ieee.org/document/8377661/},
 title = {T15},
 urlaccessdate={31 mar. 2020}
}

@misc{robolectric,
 url = {http://robolectric.org/},
 title = {T16},
 urlaccessdate={31 mar. 2020}
}

@misc{robotium,
 url = {https://github.com/RobotiumTech/robotium},
 title = {T17},
 urlaccessdate={31 mar. 2020}
}

@misc{seetest,
 url = {https://experitest.com/mobile-test-automation/},
 title = {T18},
 urlaccessdate={31 mar. 2020}
}

@misc{squish,
 url = {https://www.froglogic.com/squish/editions/automated-android-gui-testing/},
 title = {T19},
 urlaccessdate={31 mar. 2020}
}

@misc{telerik,
 url = {https://www.telerik.com/teststudio},
 title = {T20},
 urlaccessdate={31 mar. 2020}
}

@misc{tema,
 url = {https://ieeexplore.ieee.org/document/5770627},
 title = {T21},
 urlaccessdate={31 mar. 2020}
}

@misc{testcomplete,
 url = {https://smartbear.com/product/testcomplete/overview/},
 title = {T22},
 urlaccessdate={31 mar. 2020}
}

@misc{testingbot,
 url = {https://testingbot.com/},
 title = {T23},
 urlaccessdate={31 mar. 2020}
}

@misc{uft,
 url = {https://www.microfocus.com/pt-br/products/uft-one/overview},
 title = {T24},
 urlaccessdate={31 mar. 2020}
}

@misc{uiautomator,
 url = {https://developer.android.com/training/testing/ui-automator},
 title = {T25},
 urlaccessdate={31 mar. 2020}
}
